@article{kl51,
title = "On information and sufficiency.",
author = "{S. Kullback and R. A. Leibler}",
journal = "The Annals of Mathematical Statistics",
year = "1951",
volume = "22",
pages="79-86"
}

@book{lewin,
title = "Lewin's Genes",
author = "{B. Lewin, J. Krebs, S. T. Kilpatrick, and E. S. Goldstein}",
publisher = "Jones and Bartlett, Sudbury, United States",
year = "2011",
volume ="10"
}

@booklet{varInf,
title="Variational Inference: A Review for Statisticians",
author="{David M. Blei, Alp Kucukelbir, Jon D. McAuliffe}",
year="2018"
}
@booklet{rockova,
title="Particle EM for Variable Selection",
author="Veronika Rocková",
year="2017"
}

@booklet{glob,
title="A global-local approach for detecting hotspots in multiple-response regression",
author="Hélène Ruffieux, Anthony C. Davison, Jörg Hager, Jamie Inshaw, Benjamin P. Fairfax, Sylvia Richardson, Leonardo Bottolo",
year="2018"
}

@article{hapmap,
title="A haplotype map of the human genome",
author="D. Altshuler, and P. Donnelly",
journal="International HapMap Consortium",
year="2005"
}

@Manual{r_locus,
    title = {locus: Large-scale variational inference for combined selection of
covariate and response variables in regression models},
    author = {Helene Ruffieux},
    year = {2019},
    note = {R package version 0.9.0},
  }

@Manual{r_echoseq,
    title = {echoseq: Replication and simulation of genetic variants, molecular
expression levels and other phenotypic data},
    author = {Helene Ruffieux},
    year = {2018},
    note = {R package version 0.2.3},
  }
 
@booklet{eff_inf,
title="Efficient inference for genetic association studies with multiple outcomes",
author="Hélène Ruffieux, Anthony C. Davison, Jörg Hager, Irina Irincheeva",
year="2017" 
}